%% This BibTeX bibliography file was created using BibDesk.
%% http://bibdesk.sourceforge.net/


%% Created for Benedikt Oswald at 2014-11-19 15:30:07 +0100 


%% Saved with string encoding Unicode (UTF-8) 

@ARTICLE{siegel+1956, 
author={Siegel, K.M. and Schultz, F.V. and Gere, B. and Sleator, F.}, 
journal={Antennas and Propagation, IRE Transactions on}, 
title={The theoretical and numerical determination of the radar cross section of a prolate spheroid}, 
year={1956}, 
volume={4}, 
number={3}, 
pages={266-275}, 
keywords={Radar scattering cross sections;Spheroids;Acoustic scattering;Electromagnetic scattering;Equations;High speed optical techniques;Optical scattering;Physics computing;Radar cross section;Radar scattering;Resonance;Wire}, 
doi={10.1109/TAP.1956.1144425}, 
ISSN={0096-1973}, 
month={July}
}

@ARTICLE{waterman1965, 
author={Waterman, P.C.}, 
journal={Proceedings of the IEEE}, 
title={Matrix formulation of electromagnetic scattering}, 
year={1965}, 
volume={53}, 
number={8}, 
pages={805-812}, 
keywords={Boundary conditions;Current density;Electromagnetic scattering;Equations;Radar cross section;Radar scattering;Rough surfaces;Surface roughness;Surface waves;Symmetric matrices}, 
doi={10.1109/PROC.1965.4058}, 
ISSN={0018-9219}, 
month={Aug}
}



@book{keller1946, 
author={Joseph B Keller}, 
publisher={Courant Institute of Mathematical Sciences, New York University}, 
title={Reflection of electromagnetic waves}, 
year={1946}, 
pages={52},
}

@ARTICLE{yee1966, 
author={Kane Yee}, 
journal={Antennas and Propagation, IEEE Transactions on}, 
title={Numerical solution of initial boundary value problems involving maxwell's equations in isotropic media}, 
year={1966}, 
volume={14}, 
number={3}, 
pages={302-307}, 
keywords={EMP radiation effects.;Magnetic scattering by absorbing media;Boundary conditions;Boundary value problems;Conductors;Difference equations;Differential equations;EMP radiation effects;Electromagnetic scattering;Finite difference methods;Maxwell equations;Partial differential equations}, 
doi={10.1109/TAP.1966.1138693}, 
ISSN={0018-926X}, 
month={May},}


@article{okaya+1962,
	Author = {Okaya, A. and Barash, L.},
	Doi = {10.1109/jrproc.1962.288245},
	Issn = {0096-8390},
	Journal = {Proc. IRE},
	Month = {Oct},
	Number = {10},
	Pages = {2081--2092},
	Publisher = {Institute of Electrical \& Electronics Engineers (IEEE)},
	Timestamp = {2014.11.19},
	Title = {The Dielectric Microwave Resonator},
	Url = {http://dx.doi.org/10.1109/JRPROC.1962.288245},
	Volume = {50},
	Year = {1962},
	Bdsk-Url-1 = {http://dx.doi.org/10.1109/JRPROC.1962.288245},
	Bdsk-Url-2 = {http://dx.doi.org/10.1109/jrproc.1962.288245}}

@article{mongia+1997,
	Author = {Mongia, R. K. and Ittipiboon, A.},
	Journal = {IEEE Transaction on Antenna and Propagation},
	Number = {9},
	Pages = {1348--1356},
	Title = {Theoretical and experimental investigations on rectangular dielectric resonator Antennas},
	Volume = {45},
	Year = {1997}}
