
%%%%%%%%%%%%%%%%%%%%%%%%%%%%%%%%%%%
%%   Integration                 %%
%%%%%%%%%%%%%%%%%%%%%%%%%%%%%%%%%%%

@Book{abramowitz+1970, 
author={Abramowitz, Milton and Irene A. Stegun}, 
publisher={New York: Dover Publications}, 
booktitle={Handbook of Mathematical Functions : With Formulas, Graphs, and Mathematical Tables.}, 
year={1970}, 
}

@article{schurer2003,
 author = {Sch\"{u}rer, Rudolf},
 title = {A Comparison Between (Quasi-)Monte Carlo and Cubature Rule Based Methods for Solving High-dimensional Integration Problems},
 journal = {Math. Comput. Simul.},
 issue_date = {3 March 2003},
 volume = {62},
 number = {3-6},
 month = mar,
 year = {2003},
 issn = {0378-4754},
 pages = {509--517},
 numpages = {9},
 url = {http://dx.doi.org/10.1016/S0378-4754(02)00250-1},
 doi = {10.1016/S0378-4754(02)00250-1},
 acmid = {777750},
 publisher = {Elsevier Science Publishers B. V.},
 address = {Amsterdam, The Netherlands, The Netherlands},
 keywords = {Monte Carlo, Quasi-Monte Carlo, cubature rule, numerical integration},
} 


@article{zhang+2008,
 author = {Linbo Zhang and Tao Cui and Hui Liu},
 title = {A Set of Symmetric Quadrature Rules on Triangles and Tetrahedra},
 journal = {J. Comp. Math.},
 volume = {27},
 month = dec,
 year = {2008},
 url = {http://www.global-sci.org/jcm/readabs.php?vol=27&no=1&page=89},
} 

@article{petras2000,
year={2000},
issn={1019-7168},
journal={Advances in Computational Mathematics},
volume={12},
number={1},
doi={10.1023/A:1018904816230},
title={On the Smolyak cubature error for analytic functions},
url={http://dx.doi.org/10.1023/A%3A1018904816230},
publisher={Kluwer Academic Publishers},
keywords={cubature; Smolyak algorithm; error bounds; analytic functions; Clenshaw–Curtis quadrature; Kronrod–Patterson quadrature; 65D30; 41A55; 41A63; 65D32},
author={Petras, Knut},
pages={71-93},
language={English}
}
