
%%%%%%%%%%%%%%%%%%%%%%%%%%%%%%%%%%%
%%   Interpolation               %%
%%%%%%%%%%%%%%%%%%%%%%%%%%%%%%%%%%%

@ARTICLE{runge1901, 
author={Runge, Carl}, 
journal={Zeitschrift f\"ur Mathematik und Physik}, 
title="{{\"Uber} empirische Funktionen und die Interpolation zwischen \"aquidistanten Ordinaten}",
year={1901}, 
volume={46}, 
pages={224â€“243}
}

