%% This BibTeX bibliography file was created using BibDesk.
%% http://bibdesk.sourceforge.net/


%% Created for Benedikt Oswald at 2014-11-19 15:30:07 +0100 


%% Saved with string encoding Unicode (UTF-8) 


@book{born+2000,
  title={Principles of Optics: Electromagnetic Theory of Propagation, Interference and Diffraction of Light},
  author={Born, M. and Wolf, E. and Bhatia, A.B. and Gabor, D. and Stokes, A.R. and Taylor, A.M. and Wayman, P.A. and Wilcock, W.L.},
  isbn={9780521784498},
  url={https://books.google.ch/books?id=oV80AAAAIAAJ},
  year={2000},
  publisher={Cambridge University Press}
}

@book{bohren+1998,
	Author = {Bohren, Craig F. and Huffman, Donald R.},
	Doi = {10.1002/9783527618156},
	Isbn = {http://id.crossref.org/isbn/9780471293408},
	Month = {Apr},
	Publisher = {Wiley-VCH Verlag GmbH},
	Timestamp = {2014.11.13},
	Title = {Absorption and Scattering of Light by Small Particles},
	Url = {http://dx.doi.org/10.1002/9783527618156},
	Year = {1998},
	Bdsk-Url-1 = {http://dx.doi.org/10.1002/9783527618156}}

@book{weber2002,
	Author = {Marvin J. Weber},
	Isbn = {978-0849335129},
	Publisher = {CRC Press},
	edition = {1},
	Title = {Handbook of Optical Materials},
	Year = {2002}
}

@book{zinke+1990,
	Author = {Zinke, Otto and Vlcek, Anton},
	Publisher = {Springer-Verlag},
	Title = {Lehrbuch der Hochfrequenztechnik},
	Year = {1990}
}
