%% This BibTeX bibliography file was created using BibDesk.
%% http://bibdesk.sourceforge.net/


%% Created for Benedikt Oswald at 2014-11-19 15:30:07 +0100 


%% Saved with string encoding Unicode (UTF-8) 

@article{chin+2013,
	Author = {Chin, Chen-Shan and Alexander, David H and Marks, Patrick and Klammer, Aaron A and Drake, James and Heiner, Cheryl and Clum, Alicia and Copeland, Alex and Huddleston, John and Eichler, Evan E and et al.},
	Doi = {10.1038/nmeth.2474},
	Issn = {1548-7105},
	Journal = {Nature Methods},
	Month = {May},
	Number = {6},
	Pages = {563--569},
	Publisher = {Nature Publishing Group},
	Timestamp = {2014.11.18},
	Title = {Nonhybrid, finished microbial genome assemblies from long-read SMRT sequencing data},
	Url = {http://dx.doi.org/10.1038/nmeth.2474},
	Volume = {10},
	Year = {2013},
	Bdsk-Url-1 = {http://dx.doi.org/10.1038/nmeth.2474}}

@article{huddleston+2014,
	Author = {Huddleston, J. and Ranade, S. and Malig, M. and Antonacci, F. and Chaisson, M. and Hon, L. and Sudmant, P. H. and Graves, T. A. and Alkan, C. and Dennis, M. Y. and et al.},
	Doi = {10.1101/gr.168450.113},
	Issn = {1088-9051},
	Journal = {Genome Research},
	Month = {Jan},
	Number = {4},
	Pages = {688--696},
	Publisher = {Cold Spring Harbor Laboratory Press},
	Timestamp = {2014.11.18},
	Title = {Reconstructing complex regions of genomes using long-read sequencing technology},
	Url = {http://dx.doi.org/10.1101/gr.168450.113},
	Volume = {24},
	Year = {2014},
	Bdsk-Url-1 = {http://dx.doi.org/10.1101/gr.168450.113}}
