
%%%%%%%%%%%%%%%%%%%%%%%%%%%%%%%%%%%
%%   Algebra and Optimization    %%
%%%%%%%%%%%%%%%%%%%%%%%%%%%%%%%%%%%


@inproceedings{canny+1989,
 author = {Canny, J. F. and Kaltofen, E. and Yagati, L.},
 title = {Solving Systems of Nonlinear Polynomial Equations Faster},
 booktitle = {Proceedings of the ACM-SIGSAM 1989 International Symposium on Symbolic and Algebraic Computation},
 series = {ISSAC '89},
 year = {1989},
 isbn = {0-89791-325-6},
 location = {Portland, Oregon, USA},
 pages = {121--128},
 numpages = {8},
 url = {http://doi.acm.org/10.1145/74540.74556},
 doi = {10.1145/74540.74556},
 acmid = {74556},
 publisher = {ACM},
 address = {New York, NY, USA},
}

@book{bjoerck+1996,
author = {Bj\"orck, A.},
title = {Numerical Methods for Least Squares Problems},
publisher = {Society for Industrial and Applied Mathematics},
year = {1996},
doi = {10.1137/1.9781611971484},
address = {},
edition   = {},
URL = {http://epubs.siam.org/doi/abs/10.1137/1.9781611971484},
eprint = {http://epubs.siam.org/doi/pdf/10.1137/1.9781611971484}
}
